<record><leader>00000cas a22000007a 4500</leader><controlfield tag="001">19484751</controlfield><controlfield tag="008">890331d19171926couwr ne      0    0eng d</controlfield><datafield ind1=" " ind2=" " tag="010"><subfield code="a">sn 89052067 </subfield></datafield><datafield ind1=" " ind2=" " tag="040"><subfield code="a">CNQ</subfield><subfield code="b">eng</subfield><subfield code="c">CNQ</subfield><subfield code="d">OCLCQ</subfield></datafield><datafield ind1=" " ind2=" " tag="042"><subfield code="a">msc</subfield></datafield><datafield ind1="0" ind2="4" tag="245"><subfield code="a">The Alamosa courier the Alamosa leader.</subfield></datafield><datafield ind1="1" ind2="7" tag="246"><subfield code="a">Alamosa courier and Alamosa leader</subfield></datafield><datafield ind1=" " ind2=" " tag="260"><subfield code="a">Alamosa, Colo. :</subfield><subfield code="b">Wilder Print. &amp; Pub. Co.</subfield></datafield><datafield ind1=" " ind2=" " tag="300"><subfield code="a">v.</subfield></datafield><datafield ind1=" " ind2=" " tag="310"><subfield code="a">Weekly</subfield></datafield><datafield ind1="0" ind2=" " tag="362"><subfield code="a">Vol. 29, no. 36 (Sept. 8, 1917)- = v. 12, no. 40-</subfield></datafield><datafield ind1="1" ind2=" " tag="362"><subfield code="a">Ceased in 1926.</subfield></datafield><datafield ind1=" " ind2=" " tag="530"><subfield code="a">Available on microfilm from the Colorado Historical Society.</subfield></datafield><datafield ind1=" " ind2=" " tag="752"><subfield code="a">United States</subfield><subfield code="b">Colorado</subfield><subfield code="c">Alamosa</subfield><subfield code="d">Alamosa.</subfield></datafield><datafield ind1="0" ind2="4" tag="780"><subfield code="t">Alamosa courier</subfield><subfield code="w">(DLC)sn 89052066</subfield></datafield><datafield ind1="0" ind2="4" tag="780"><subfield code="t">Alamosa leader</subfield></datafield><datafield ind1="0" ind2="0" tag="785"><subfield code="t">Alamosa courier (Alamosa, Colo. : 1926)</subfield><subfield code="w">(DLC)sn 89052068</subfield></datafield></record>